@article{altman2018challenges,
  title={Challenges for training translational researchers in the era of ubiquitous data},
  author={Altman, Russ B},
  journal={Clinical Pharmacology \& Therapeutics},
  volume={103},
  number={2},
  pages={171--173},
  year={2018},
  publisher={Wiley Online Library}
}


@article{wiles1995modular,
  title={Modular elliptic curves and Fermat's last theorem},
  author={Wiles, Andrew},
  journal={Annals of mathematics},
  volume={141},
  number={3},
  pages={443--551},
  year={1995},
  publisher={JSTOR}
}

@article{smith1981comparison,
  title={Comparison of biosequences},
  author={Smith, Temple F and Waterman, Michael S},
  journal={Advances in applied mathematics},
  volume={2},
  number={4},
  pages={482--489},
  year={1981},
  publisher={Elsevier}
}

@article{smith1980new,
  title={New stratigraphic correlation techniques},
  author={Smith, Temple F and Waterman, Michael S},
  journal={The Journal of Geology},
  volume={88},
  number={4},
  pages={451--457},
  year={1980},
  publisher={University of Chicago Press}
}
@article{howie1986penicillin,
  title={Penicillin: 1929-40.},
  author={Howie, James},
  journal={British medical journal (Clinical research ed.)},
  volume={293},
  number={6540},
  pages={158},
  year={1986},
  publisher={BMJ Publishing Group}
}






@article{fleming1929antibacterial,
  title={On the antibacterial action of cultures of a penicillium, with special reference to their use in the isolation of B. influenzae},
  author={Fleming, Alexander},
  journal={British journal of experimental pathology},
  volume={10},
  number={3},
  pages={226},
  year={1929},
  publisher={Wiley-Blackwell}
}


@article{swanson1986undiscovered,
  title={Undiscovered public knowledge},
  author={Swanson, Don R},
  journal={The Library Quarterly},
  volume={56},
  number={2},
  pages={103--118},
  year={1986},
  publisher={University of Chicago Press}
}


@article{shimomura1962extraction,
  title={Extraction, purification and properties of aequorin, a bioluminescent protein from the luminous hydromedusan, Aequorea},
  author={Shimomura, Osamu and Johnson, Frank H and Saiga, Yo},
  journal={Journal of Cellular Physiology},
  volume={59},
  number={3},
  pages={223--239},
  year={1962},
  publisher={Wiley Online Library}
}


@book{national2014convergence,
  title={Convergence: facilitating transdisciplinary integration of life sciences, physical sciences, engineering, and beyond},
  author={National Research Council and others},
  year={2014},
  publisher={National Academies Press}
}


@article{sudlow2015uk,
  title={UK biobank: an open access resource for identifying the causes of a wide range of complex diseases of middle and old age},
  author={Sudlow, Cathie and Gallacher, John and Allen, Naomi and Beral, Valerie and Burton, Paul and Danesh, John and Downey, Paul and Elliott, Paul and Green, Jane and Landray, Martin and others},
  journal={PLoS medicine},
  volume={12},
  number={3},
  pages={e1001779},
  year={2015},
  publisher={Public Library of Science}
}


@article{lu2011pubmed,
  title={PubMed and beyond: a survey of web tools for searching biomedical literature},
  author={Lu, Zhiyong},
  journal={Database},
  volume={2011},
  year={2011},
  publisher={Oxford University Press}
}


@article{brin1998anatomy,
  title={The anatomy of a large-scale hypertextual web search engine},
  author={Brin, Sergey and Page, Lawrence},
  journal={Computer networks and ISDN systems},
  volume={30},
  number={1-7},
  pages={107--117},
  year={1998},
  publisher={Elsevier}
}



@article{lawrence2000accessibility,
  title={Accessibility of information on the web},
  author={Lawrence, Steve and Giles, C Lee},
  journal={intelligence},
  volume={11},
  number={1},
  pages={32--39},
  year={2000},
  publisher={ACM}
}


@article{fiorini2017cutting,
  title={Cutting Edge: Towards PubMed 2.0},
  author={Fiorini, Nicolas and Lipman, David J and Lu, Zhiyong},
  journal={eLife},
  volume={6},
  pages={e28801},
  year={2017},
  publisher={eLife Sciences Publications Limited}
}


@article{deerwester1990indexing,
  title={Indexing by latent semantic analysis},
  author={Deerwester, Scott and Dumais, Susan T and Furnas, George W and Landauer, Thomas K and Harshman, Richard},
  journal={Journal of the American society for information science},
  volume={41},
  number={6},
  pages={391},
  year={1990},
  publisher={American Documentation Institute}
}


@article{tsatsaronis2015overview,
  title={An overview of the BIOASQ large-scale biomedical semantic indexing and question answering competition},
  author={Tsatsaronis, George and Balikas, Georgios and Malakasiotis, Prodromos and Partalas, Ioannis and Zschunke, Matthias and Alvers, Michael R and Weissenborn, Dirk and Krithara, Anastasia and Petridis, Sergios and Polychronopoulos, Dimitris and others},
  journal={BMC bioinformatics},
  volume={16},
  number={1},
  pages={138},
  year={2015},
  publisher={BioMed Central}
}


@article{soon2001machine,
  title={A machine learning approach to coreference resolution of noun phrases},
  author={Soon, Wee Meng and Ng, Hwee Tou and Lim, Daniel Chung Yong},
  journal={Computational linguistics},
  volume={27},
  number={4},
  pages={521--544},
  year={2001},
  publisher={MIT Press}
}


@inproceedings{clark2015entity,
  title={Entity-centric coreference resolution with model stacking},
  author={Clark, Kevin and Manning, Christopher D},
  booktitle={Proceedings of the 53rd Annual Meeting of the Association for Computational Linguistics and the 7th International Joint Conference on Natural Language Processing (Volume 1: Long Papers)},
  volume={1},
  pages={1405--1415},
  year={2015}
}



@article{bodenreider2004unified,
  title={The unified medical language system (UMLS): integrating biomedical terminology},
  author={Bodenreider, Olivier},
  journal={Nucleic acids research},
  volume={32},
  number={suppl\_1},
  pages={D267--D270},
  year={2004},
  publisher={Oxford University Press}
}



@incollection{leaman2008banner,
  title={BANNER: an executable survey of advances in biomedical named entity recognition},
  author={Leaman, Robert and Gonzalez, Graciela},
  booktitle={Biocomputing 2008},
  pages={652--663},
  year={2008},
  publisher={World Scientific}
}


@article{leaman2013dnorm,
  title={DNorm: disease name normalization with pairwise learning to rank},
  author={Leaman, Robert and Islamaj Do{\u{g}}an, Rezarta and Lu, Zhiyong},
  journal={Bioinformatics},
  volume={29},
  number={22},
  pages={2909--2917},
  year={2013},
  publisher={Oxford University Press}
}


@article{leaman2015tmchem,
  title={tmChem: a high performance approach for chemical named entity recognition and normalization},
  author={Leaman, Robert and Wei, Chih-Hsuan and Lu, Zhiyong},
  journal={Journal of cheminformatics},
  volume={7},
  number={1},
  pages={S3},
  year={2015},
  publisher={Nature Publishing Group}
}


@inproceedings{bunescu2005shortest,
  title={A shortest path dependency kernel for relation extraction},
  author={Bunescu, Razvan C and Mooney, Raymond J},
  booktitle={Proceedings of the conference on human language technology and empirical methods in natural language processing},
  pages={724--731},
  year={2005},
  organization={Association for Computational Linguistics}
}



@inproceedings{mikolov2013distributed,
  title={Distributed representations of words and phrases and their compositionality},
  author={Mikolov, Tomas and Sutskever, Ilya and Chen, Kai and Corrado, Greg S and Dean, Jeff},
  booktitle={Advances in neural information processing systems},
  pages={3111--3119},
  year={2013}
}


@article{mikolov2013efficient,
  title={Efficient estimation of word representations in vector space},
  author={Mikolov, Tomas and Chen, Kai and Corrado, Greg and Dean, Jeffrey},
  journal={arXiv preprint arXiv:1301.3781},
  year={2013}
}

@book{goodfellow2016deep,
  title={Deep learning},
  author={Goodfellow, Ian and Bengio, Yoshua and Courville, Aaron and Bengio, Yoshua},
  volume={1},
  year={2016},
  publisher={MIT press Cambridge}
}


@inproceedings{mintz2009distant,
  title={Distant supervision for relation extraction without labeled data},
  author={Mintz, Mike and Bills, Steven and Snow, Rion and Jurafsky, Dan},
  booktitle={Proceedings of the Joint Conference of the 47th Annual Meeting of the ACL and the 4th International Joint Conference on Natural Language Processing of the AFNLP: Volume 2-Volume 2},
  pages={1003--1011},
  year={2009},
  organization={Association for Computational Linguistics}
}



@article{percha2018global,
  title={A global network of biomedical relationships derived from text},
  author={Percha, Bethany and Altman, Russ B and Wren, Jonathan},
  journal={Bioinformatics},
  volume={1},
  pages={11},
  year={2018},
  publisher={Oxford University Press}
}




@misc{bohannon2016s,
  title={Who's downloading pirated papers? Everyone},
  author={Bohannon, John},
  year={2016},
  publisher={American Association for the Advancement of Science}
}

@article{ramakrishnan2012layout,
  title={Layout-aware text extraction from full-text PDF of scientific articles},
  author={Ramakrishnan, Cartic and Patnia, Abhishek and Hovy, Eduard and Burns, Gully APC},
  journal={Source code for biology and medicine},
  volume={7},
  number={1},
  pages={7},
  year={2012},
  publisher={BioMed Central}
}



@article{wei2013pubtator,
  title={PubTator: a web-based text mining tool for assisting biocuration},
  author={Wei, Chih-Hsuan and Kao, Hung-Yu and Lu, Zhiyong},
  journal={Nucleic acids research},
  volume={41},
  number={W1},
  pages={W518--W522},
  year={2013},
  publisher={Oxford University Press}
}


@article{szklarczyk2014string,
  title={STRING v10: protein--protein interaction networks, integrated over the tree of life},
  author={Szklarczyk, Damian and Franceschini, Andrea and Wyder, Stefan and Forslund, Kristoffer and Heller, Davide and Huerta-Cepas, Jaime and Simonovic, Milan and Roth, Alexander and Santos, Alberto and Tsafou, Kalliopi P and others},
  journal={Nucleic acids research},
  volume={43},
  number={D1},
  pages={D447--D452},
  year={2014},
  publisher={Oxford University Press}
}


@article{li2015mirtex,
  title={miRTex: a text mining system for miRNA-gene relation extraction},
  author={Li, Gang and Ross, Karen E and Arighi, Cecilia N and Peng, Yifan and Wu, Cathy H and Vijay-Shanker, K},
  journal={PLoS computational biology},
  volume={11},
  number={9},
  pages={e1004391},
  year={2015},
  publisher={Public Library of Science}
}


@article{prud2006sparql,
  title={SPARQL query language for RDF},
  author={Prud, Eric and Seaborne, Andy and others},
  year={2006}
}


@inproceedings{ernst2014knowlife,
  title={KnowLife: a knowledge graph for health and life sciences},
  author={Ernst, Patrick and Meng, Cynthia and Siu, Amy and Weikum, Gerhard},
  booktitle={Data Engineering (ICDE), 2014 IEEE 30th International Conference on},
  pages={1254--1257},
  year={2014},
  organization={IEEE}
}


@article{athenikos2010biomedical,
  title={Biomedical question answering: A survey},
  author={Athenikos, Sofia J and Han, Hyoil},
  journal={Computer methods and programs in biomedicine},
  volume={99},
  number={1},
  pages={1--24},
  year={2010},
  publisher={Elsevier}
}


@inproceedings{bollacker2008freebase,
  title={Freebase: a collaboratively created graph database for structuring human knowledge},
  author={Bollacker, Kurt and Evans, Colin and Paritosh, Praveen and Sturge, Tim and Taylor, Jamie},
  booktitle={Proceedings of the 2008 ACM SIGMOD international conference on Management of data},
  pages={1247--1250},
  year={2008},
  organization={AcM}
}


@inproceedings{nickel2012factorizing,
  title={Factorizing yago: scalable machine learning for linked data},
  author={Nickel, Maximilian and Tresp, Volker and Kriegel, Hans-Peter},
  booktitle={Proceedings of the 21st international conference on World Wide Web},
  pages={271--280},
  year={2012},
  organization={ACM}
}


@inproceedings{bordes2013translating,
  title={Translating embeddings for modeling multi-relational data},
  author={Bordes, Antoine and Usunier, Nicolas and Garcia-Duran, Alberto and Weston, Jason and Yakhnenko, Oksana},
  booktitle={Advances in neural information processing systems},
  pages={2787--2795},
  year={2013}
}


@article{vrandevcic2014wikidata,
  title={Wikidata: a free collaborative knowledgebase},
  author={Vrande{\v{c}}i{\'c}, Denny and Kr{\"o}tzsch, Markus},
  journal={Communications of the ACM},
  volume={57},
  number={10},
  pages={78--85},
  year={2014},
  publisher={ACM}
}


@article{hanahan2000hallmarks,
  title={The hallmarks of cancer},
  author={Hanahan, Douglas and Weinberg, Robert A},
  journal={cell},
  volume={100},
  number={1},
  pages={57--70},
  year={2000},
  publisher={Elsevier}
}

@article{weymann2017cost,
  title={The cost and cost trajectory of whole-genome analysis guiding treatment of patients with advanced cancers},
  author={Weymann, Deirdre and Laskin, Janessa and Roscoe, Robyn and Schrader, Kasmintan A and Chia, Stephen and Yip, Stephen and Cheung, Winson Y and Gelmon, Karen A and Karsan, Aly and Renouf, Daniel J and others},
  journal={Molecular genetics \& genomic medicine},
  volume={5},
  number={3},
  pages={251--260},
  year={2017},
  publisher={Wiley Online Library}
}


@inproceedings{kim2012pubannotation,
  title={PubAnnotation: a persistent and sharable corpus and annotation repository},
  author={Kim, Jin-Dong and Wang, Yue},
  booktitle={Proceedings of the 2012 Workshop on Biomedical Natural Language Processing},
  pages={202--205},
  year={2012},
  organization={Association for Computational Linguistics}
}

