% bmc_article.bib
% 
%  An example of bibtex entries.
%  Entries taken from BMC instructions for authors page.


@article{szklarczyk2016string,
  title={The STRING database in 2017: quality-controlled protein--protein association networks, made broadly accessible},
  author={Szklarczyk, Damian and Morris, John H and Cook, Helen and Kuhn, Michael and Wyder, Stefan and Simonovic, Milan and Santos, Alberto and Doncheva, Nadezhda T and Roth, Alexander and Bork, Peer and others},
  journal={Nucleic acids research},
  pages={gkw937},
  year={2016},
  publisher={Oxford University Press}
}

@article{kanehisa2000kegg,
  title={KEGG: kyoto encyclopedia of genes and genomes},
  author={Kanehisa, Minoru and Goto, Susumu},
  journal={Nucleic acids research},
  volume={28},
  number={1},
  pages={27--30},
  year={2000},
  publisher={Oxford Univ Press}
}

@article{eckart1936approximation,
  title={The approximation of one matrix by another of lower rank},
  author={Eckart, Carl and Young, Gale},
  journal={Psychometrika},
  volume={1},
  number={3},
  pages={211--218},
  year={1936},
  publisher={Springer}
}


@inproceedings{bird2006nltk,
  title={NLTK: the natural language toolkit},
  author={Bird, Steven},
  booktitle={Proceedings of the COLING/ACL on Interactive presentation sessions},
  pages={69--72},
  year={2006},
  organization={Association for Computational Linguistics}
}

@article{van2013large,
  title={Large-scale event extraction from literature with multi-level gene normalization},
  author={Van Landeghem, Sofie and Bj{\"o}rne, Jari and Wei, Chih-Hsuan and Hakala, Kai and Pyysalo, Sampo and Ananiadou, Sophia and Kao, Hung-Yu and Lu, Zhiyong and Salakoski, Tapio and Van de Peer, Yves and others},
  journal={PloS one},
  volume={8},
  number={4},
  pages={e55814},
  year={2013},
  publisher={Public Library of Science}
}

@inproceedings{nedellec2013overview,
  title={Overview of BioNLP shared task 2013},
  author={N{\'e}dellec, Claire and Bossy, Robert and Kim, Jin-Dong and Kim, Jung-Jae and Ohta, Tomoko and Pyysalo, Sampo and Zweigenbaum, Pierre},
  booktitle={Proceedings of the BioNLP Shared Task 2013 Workshop},
  pages={1--7},
  year={2013}
}

@inproceedings{kilicoglu2008semantic,
  title={Semantic MEDLINE: a web application for managing the results of PubMed Searches},
  author={Kilicoglu, Halil and Fiszman, Marcelo and Rodriguez, Alejandro and Shin, Dongwook and Ripple, A and Rindflesch, Thomas C},
  booktitle={Proceedings of the third international symposium for semantic mining in biomedicine},
  volume={2008},
  pages={69--76},
  year={2008}
}


@article{davies2009385,
  title={The 385+ million word Corpus of Contemporary American English (1990--2008+): Design, architecture, and linguistic insights},
  author={Davies, Mark},
  journal={International journal of corpus linguistics},
  volume={14},
  number={2},
  pages={159--190},
  year={2009},
  publisher={John Benjamins Publishing Company}
}

@article{wren2008databases,
  title={Databases, data tombs and dust in the wind},
  author={Wren, Jonathan D and Bateman, Alex},
  journal={Bioinformatics},
  volume={24},
  number={19},
  pages={2127--2128},
  year={2008},
  publisher={Oxford Univ Press}
}

@inproceedings{ernst2014knowlife,
  title={KnowLife: a knowledge graph for health and life sciences},
  author={Ernst, Patrick and Meng, Chun and Siu, Amy and Weikum, Gerhard},
  booktitle={Data Engineering (ICDE), 2014 IEEE 30th International Conference on},
  pages={1254--1257},
  year={2014},
  organization={IEEE}
}

@article{belleau2008bio2rdf,
  title={Bio2RDF: towards a mashup to build bioinformatics knowledge systems},
  author={Belleau, Fran{\c{c}}ois and Nolin, Marc-Alexandre and Tourigny, Nicole and Rigault, Philippe and Morissette, Jean},
  journal={Journal of biomedical informatics},
  volume={41},
  number={5},
  pages={706--716},
  year={2008},
  publisher={Elsevier}
}

@article{liekens2011biograph,
  title={BioGraph: unsupervised biomedical knowledge discovery via automated hypothesis generation},
  author={Liekens, Anthony M and De Knijf, Jeroen and Daelemans, Walter and Goethals, Bart and De Rijk, Peter and Del-Favero, Jurgen and others},
  journal={Genome Biol},
  volume={12},
  number={6},
  pages={R57},
  year={2011}
}

@inproceedings{wang2014knowledge,
  title={Knowledge Graph Embedding by Translating on Hyperplanes.},
  author={Wang, Zhen and Zhang, Jianwen and Feng, Jianlin and Chen, Zheng},
  booktitle={AAAI},
  pages={1112--1119},
  year={2014},
  organization={Citeseer}
}

@inproceedings{bordes2013translating,
  title={Translating embeddings for modeling multi-relational data},
  author={Bordes, Antoine and Usunier, Nicolas and Garcia-Duran, Alberto and Weston, Jason and Yakhnenko, Oksana},
  booktitle={Advances in Neural Information Processing Systems},
  pages={2787--2795},
  year={2013}
}

@inproceedings{lin2015learning,
  title={Learning Entity and Relation Embeddings for Knowledge Graph Completion.},
  author={Lin, Yankai and Liu, Zhiyuan and Sun, Maosong and Liu, Yang and Zhu, Xuan},
  booktitle={AAAI},
  pages={2181--2187},
  year={2015}
}

@article{marquez2007co,
  title={Co-carcinogenic effect of cyclohexanol on the development of preneoplastic lesions in a rat hepatocarcinogenesis model},
  author={M{\'a}rquez-Rosado, Lucrecia and Trejo-Sol{\'\i}s, Cristina and del Pilar Cabrales-Romero, Mar{\'\i}a and Arce-Popoca, Evelia and Sierra-Santoyo, Adolfo and Alem{\'a}n-Lazarini, Leticia and Fatel-Fazenda, Samia and Carrasco-Legleu, Claudia E and Villa-Trevi{\~n}o, Sa{\'u}l},
  journal={Molecular carcinogenesis},
  volume={46},
  number={7},
  pages={524--533},
  year={2007},
  publisher={Wiley Online Library}
}

@misc{william2007numerical,
  title={Numerical recipes: The art of scientific computing. 3rd edition},
  author={William, H},
  year={2007},
  publisher={Cambridge university press}
}


@article{swanson1986fish,
  title={Fish oil, Raynaud's syndrome, and undiscovered public knowledge},
  author={Swanson, Don R},
  journal={Perspectives in biology and medicine},
  volume={30},
  number={1},
  pages={7--18},
  year={1986},
  publisher={The Johns Hopkins University Press}
}

@incollection{hersh2008information,
  title={Information Retrieval in Literature-Based Discovery},
  author={Hersh, W},
  booktitle={Literature-based Discovery},
  pages={153--172},
  year={2008},
  publisher={Springer}
}

@article{swanson1997interactive,
  title={An interactive system for finding complementary literatures: a stimulus to scientific discovery},
  author={Swanson, Don R and Smalheiser, Neil R},
  journal={Artificial intelligence},
  volume={91},
  number={2},
  pages={183--203},
  year={1997},
  publisher={Elsevier}
}

@article{hristovski2001supporting,
  title={Supporting discovery in medicine by association rule mining in Medline and UMLS},
  author={Hristovski, Dimitar and Stare, Janez and Peterlin, Borut and Dzeroski, Saso},
  journal={Studies in health technology and informatics},
  number={2},
  pages={1344--1348},
  year={2001},
  publisher={IOS Press}
}

@article{hristovski2013using,
  title={Using literature-based discovery to identify novel therapeutic approaches},
  author={Hristovski, Dimitar and Rindflesch, Thomas and Peterlin, Borut},
  journal={Cardiovascular \& Hematological Agents in Medicinal Chemistry (Formerly Current Medicinal Chemistry-Cardiovascular \& Hematological Agents)},
  volume={11},
  number={1},
  pages={14--24},
  year={2013},
  publisher={Bentham Science Publishers}
}

@inproceedings{pan2008one,
  title={One-class collaborative filtering},
  author={Pan, Rong and Zhou, Yunhong and Cao, Bin and Liu, Nathan Nan and Lukose, Rajan and Scholz, Martin and Yang, Qiang},
  booktitle={Data Mining, 2008. ICDM'08. Eighth IEEE International Conference on},
  pages={502--511},
  year={2008},
  organization={IEEE}
}

@inproceedings{salakhutdinov2007restricted,
  title={Restricted Boltzmann machines for collaborative filtering},
  author={Salakhutdinov, Ruslan and Mnih, Andriy and Hinton, Geoffrey},
  booktitle={Proceedings of the 24th international conference on Machine learning},
  pages={791--798},
  year={2007},
  organization={ACM}
}

@article{koren2009matrix,
  title={Matrix factorization techniques for recommender systems},
  author={Koren, Yehuda and Bell, Robert and Volinsky, Chris},
  journal={Computer},
  volume={42},
  number={8},
  pages={30--37},
  year={2009},
  publisher={Institute of Electrical and Electronics Engineers, Inc., 3 Park Avenue, 17 th Fl New York NY 10016-5997 United States}
}

@inproceedings{hu2008collaborative,
  title={Collaborative filtering for implicit feedback datasets},
  author={Hu, Yifan and Koren, Yehuda and Volinsky, Chris},
  booktitle={Data Mining, 2008. ICDM'08. Eighth IEEE International Conference on},
  pages={263--272},
  year={2008},
  organization={Ieee}
}

@article{hettne2016implicitome,
  title={The {I}mplicitome: A resource for rationalizing gene-disease associations},
  author={Hettne, Kristina M and Thompson, Mark and van Haagen, Herman HHBM and Van Der Horst, Eelke and Kaliyaperumal, Rajaram and Mina, Eleni and Tatum, Zuotian and Laros, Jeroen FJ and Van Mulligen, Erik M and Schuemie, Martijn and others},
  journal={PloS one},
  volume={11},
  number={2},
  pages={e0149621},
  year={2016},
  publisher={Public Library of Science}
}

@article{frijters2008copub,
  title={CoPub: a literature-based keyword enrichment tool for microarray data analysis},
  author={Frijters, Raoul and Heupers, Bart and van Beek, Pieter and Bouwhuis, Maurice and van Schaik, Ren{\'e} and de Vlieg, Jacob and Polman, Jan and Alkema, Wynand},
  journal={Nucleic acids research},
  volume={36},
  number={suppl\_2},
  pages={W406--W410},
  year={2008},
  publisher={Oxford University Press}
}

@article{funk2014large,
  title={Large-scale biomedical concept recognition: an evaluation of current automatic annotators and their parameters},
  author={Funk, Christopher and Baumgartner, William and Garcia, Benjamin and Roeder, Christophe and Bada, Michael and Cohen, K Bretonnel and Hunter, Lawrence E and Verspoor, Karin},
  journal={BMC bioinformatics},
  volume={15},
  number={1},
  pages={59},
  year={2014},
  publisher={BioMed Central}
}

@article{gordon1998using,
  title={Using latent semantic indexing for literature based discovery},
  author={Gordon, Michael D and Dumais, Susan},
  year={1998},
  journal={Journal of the American Society for Information Science},
  publisher={John Wiley \& Sons, Inc.}
}

@article{bruskiewich2016knowledge,
  title={Knowledge. Bio: A Web application for exploring, building and sharing webs of biomedical relationships mined from PubMed},
  author={Bruskiewich, Richard and Huellas-Bruskiewicz, Kenneth and Ahmed, Farzin and Kaliyaperumal, Rajaram and Thompson, Mark and Schultes, Erik and Hettne, Kristina M and Su, Andrew I and Good, Benjamin M},
  journal={bioRxiv},
  pages={055525},
  year={2016},
  publisher={Cold Spring Harbor Labs Journals}
}

@inproceedings{bennett2007netflix,
  title={The netflix prize},
  author={Bennett, James and Lanning, Stan and others},
  booktitle={Proceedings of KDD cup and workshop},
  volume={2007},
  pages={35},
  year={2007},
  organization={New York, NY, USA}
}

@incollection{zhou2008large,
  title={Large-scale parallel collaborative filtering for the Netflix Prize},
  author={Zhou, Yunhong and Wilkinson, Dennis and Schreiber, Robert and Pan, Rong},
  booktitle={Algorithmic Aspects in Information and Management},
  pages={337--348},
  year={2008},
  publisher={Springer}
}

@article{bell2008bellkor,
  title={The bellkor 2008 solution to the netflix prize},
  author={Bell, Robert M and Koren, Yehuda and Volinsky, Chris},
  journal={Statistics Research Department at AT\&T Research},
  year={2008}
}

@article{tsuruoka2011discovering,
  title={Discovering and visualizing indirect associations between biomedical concepts},
  author={Tsuruoka, Yoshimasa and Miwa, Makoto and Hamamoto, Kaisei and Tsujii, Jun'ichi and Ananiadou, Sophia},
  journal={Bioinformatics},
  volume={27},
  number={13},
  pages={i111--i119},
  year={2011},
  publisher={Oxford Univ Press}
}

@incollection{tsuruoka2005developing,
  title={Developing a robust part-of-speech tagger for biomedical text},
  author={Tsuruoka, Yoshimasa and Tateishi, Yuka and Kim, Jin-Dong and Ohta, Tomoko and McNaught, John and Ananiadou, Sophia and Tsujii, Jun’ichi},
  booktitle={Advances in informatics},
  pages={382--392},
  year={2005},
  publisher={Springer}
}

@article{jelier2008literature,
  title={Literature-based concept profiles for gene annotation: the issue of weighting},
  author={Jelier, Rob and Schuemie, Martijn J and Roes, Peter-Jan and van Mulligen, Erik M and Kors, Jan A},
  journal={International journal of medical informatics},
  volume={77},
  number={5},
  pages={354--362},
  year={2008},
  publisher={Elsevier}
}



@article{jelier2008anni,
  title={Anni 2.0: a multipurpose text-mining tool for the life sciences},
  author={Jelier, Rob and Schuemie, Martijn J and Veldhoven, Antoine and Dorssers, Lambert C and Jenster, Guido and Kors, Jan A},
  journal={Genome Biol},
  volume={9},
  number={6},
  pages={R96},
  year={2008}
}

@article{kang2014interference,
  title={Interference in the endplate nutritional pathway causes intervertebral disc degeneration in an immature porcine model},
  author={Kang, Ran and Li, Haisheng and Ringgaard, Steffen and Rickers, Kresten and Sun, Haolin and Chen, Muwan and Xie, Lin and B{\"u}nger, Cody},
  journal={International orthopaedics},
  volume={38},
  number={5},
  pages={1011--1017},
  year={2014},
  publisher={Springer}
}

@article{chu2013flap,
  title={FLAP pharmacological blockade modulates metabolism of endogenous tau in vivo},
  author={Chu, J and Lauretti, E and Di Meco, A and Pratico, D},
  journal={Translational psychiatry},
  volume={3},
  number={12},
  pages={e333},
  year={2013},
  publisher={Nature Publishing Group}
}

@article{quinn2011renal,
  title={Renal dysfunction in patients with thalassaemia},
  author={Quinn, Charles T and Johnson, Valerie L and Kim, Hae-Young and Trachtenberg, Felicia and Vogiatzi, Maria G and Kwiatkowski, Janet L and Neufeld, Ellis J and Fung, Ellen and Oliveri, Nancy and Kirby, Melanie and others},
  journal={British journal of haematology},
  volume={153},
  number={1},
  pages={111--117},
  year={2011},
  publisher={Wiley Online Library}
}

@article{yetisgen2009new,
  title={A new evaluation methodology for literature-based discovery systems},
  author={Yetisgen-Yildiz, Meliha and Pratt, Wanda},
  journal={Journal of biomedical informatics},
  volume={42},
  number={4},
  pages={633--643},
  year={2009},
  publisher={Elsevier}
}

@article{manningstanford,
  title={The Stanford CoreNLP Natural Language Processing Toolkit},
  author={Manning, Christopher D and Surdeanu, Mihai and Bauer, John and Finkel, Jenny and Bethard, Steven J and McClosky, David}
}

@article{digiacomo1989fish,
  title={Fish-oil dietary supplementation in patients with Raynaud's phenomenon: a double-blind, controlled, prospective study},
  author={DiGiacomo, Ralph A and Kremer, Joel M and Shah, Dhiraj M},
  journal={The American journal of medicine},
  volume={86},
  number={2},
  pages={158--164},
  year={1989},
  publisher={Elsevier}
}


@article{liben2007link,
  title={The link-prediction problem for social networks},
  author={Liben-Nowell, David and Kleinberg, Jon},
  journal={Journal of the American society for information science and technology},
  volume={58},
  number={7},
  pages={1019--1031},
  year={2007},
  publisher={Wiley Online Library}
}

@inproceedings{huang2005link,
  title={Link prediction approach to collaborative filtering},
  author={Huang, Zan and Li, Xin and Chen, Hsinchun},
  booktitle={Proceedings of the 5th ACM/IEEE-CS joint conference on Digital libraries},
  pages={141--142},
  year={2005},
  organization={ACM}
}

@article{low2014graphlab,
  title={Graphlab: A new framework for parallel machine learning},
  author={Low, Yucheng and Gonzalez, Joseph E and Kyrola, Aapo and Bickson, Danny and Guestrin, Carlos E and Hellerstein, Joseph},
  journal={arXiv preprint arXiv:1408.2041},
  year={2014}
}


@incollection{chiluka2011link,
  title={A link prediction approach to recommendations in large-scale user-generated content systems},
  author={Chiluka, Nitin and Andrade, Nazareno and Pouwelse, Johan},
  booktitle={Advances in Information Retrieval},
  pages={189--200},
  year={2011},
  publisher={Springer}
}

@inproceedings{lichtnwalter2012link,
  title={Link prediction: fair and effective evaluation},
  author={Lichtnwalter, Ryan and Chawla, Nitesh V},
  booktitle={Proceedings of the 2012 International Conference on Advances in Social Networks Analysis and Mining (ASONAM 2012)},
  pages={376--383},
  year={2012},
  organization={IEEE Computer Society}
}



@article{etcheberrigaray1994soluble,
  title={Soluble beta-amyloid induction of Alzheimer's phenotype for human fibroblast K+ channels},
  author={Etcheberrigaray, Rene and Ito, Etsuro and Kim, Christopher S and Alkon, Daniel L},
  journal={Science},
  volume={264},
  number={5156},
  pages={276--279},
  year={1994},
  publisher={American Association for the Advancement of Science}
}

@article{taylor2001phase,
  title={A phase I and pharmacodynamic evaluation of polyethylene glycol-conjugated L-asparaginase in patients with advanced solid tumors},
  author={Taylor, Charles W and Dorr, Robert T and Fanta, Paul and Hersh, Evan M and Salmon, Sydney E},
  journal={Cancer chemotherapy and pharmacology},
  volume={47},
  number={1},
  pages={83--88},
  year={2001},
  publisher={Springer}
}

@article{habchi2016anticancer,
  title={An anticancer drug suppresses the primary nucleation reaction that initiates the production of the toxic A$\beta$42 aggregates linked with Alzheimer’s disease},
  author={Habchi, Johnny and Arosio, Paolo and Perni, Michele and Costa, Ana Rita and Yagi-Utsumi, Maho and Joshi, Priyanka and Chia, Sean and Cohen, Samuel IA and M{\"u}ller, Martin BD and Linse, Sara and others},
  journal={Science Advances},
  volume={2},
  number={2},
  pages={e1501244},
  year={2016},
  publisher={American Association for the Advancement of Science}
}

@article{alagiakrishnan2013antidiabetic,
  title={Antidiabetic drugs and their potential role in treating mild cognitive impairment and Alzheimer’s disease},
  author={Alagiakrishnan, Kannayiram and Sankaralingam, Sowndramalingam and Ghosh, Mahua and Mereu, Laurie and Senior, Peter},
  journal={Discovery medicine},
  volume={16},
  number={90},
  pages={277--286},
  year={2013}
}

@article{hsu2011incidence,
  title={Incidence of dementia is increased in type 2 diabetes and reduced by the use of sulfonylureas and metformin},
  author={Hsu, Chih-Cheng and Wahlqvist, Mark L and Lee, Meei-Shyuan and Tsai, Hsin-Ni},
  journal={Journal of Alzheimer's Disease},
  volume={24},
  number={3},
  pages={485--493},
  year={2011},
  publisher={IOS Press}
}




@article{minarini2012cystamine,
  title={Cystamine-tacrine dimer: a new multi-target-directed ligand as potential therapeutic agent for Alzheimer’s disease treatment},
  author={Minarini, A and Milelli, A and Tumiatti, V and Rosini, M and Simoni, E and Bolognesi, ML and Andrisano, V and Bartolini, M and Motori, E and Angeloni, C and others},
  journal={Neuropharmacology},
  volume={62},
  number={2},
  pages={997--1003},
  year={2012},
  publisher={Elsevier}
}

@article{min2015critical,
  title={Critical role of acetylation in tau-mediated neurodegeneration and cognitive deficits},
  author={Min, Sang-Won and Chen, Xu and Tracy, Tara E and Li, Yaqiao and Zhou, Yungui and Wang, Chao and Shirakawa, Kotaro and Minami, S Sakura and Defensor, Erwin and Mok, Sue Ann and others},
  journal={Nature medicine},
  year={2015},
  publisher={Nature Publishing Group}
}

@article{martorana2014dopamine,
  title={Is dopamine involved in Alzheimer's disease?},
  author={Martorana, Alessandro and Koch, Giacomo},
  journal={Frontiers in aging neuroscience},
  volume={6},
  pages={252},
  year={2014},
  publisher={Frontiers}
}

@article{ziskind1937phenobarbital,
  title={Phenobarbital contraindicated in parkinsonism},
  author={Ziskind, Eugene and Ziskind, Esther Somerfeld},
  journal={Journal of the American Medical Association},
  volume={109},
  number={1},
  pages={20--23},
  year={1937},
  publisher={American Medical Association}
}

@article{mastrangelo2013exposure,
  title={Exposure to anesthetic gases and Parkinson’s disease: a case report},
  author={Mastrangelo, Giuseppe and Comiati, Vera and dell’Aquila, Massimiliano and Zamprogno, Emanuele},
  journal={BMC neurology},
  volume={13},
  number={1},
  pages={194},
  year={2013},
  publisher={BioMed Central}
}

@article{ondo2002exploring,
  title={Exploring the relationship between Parkinson disease and restless legs syndrome},
  author={Ondo, William G and Vuong, Kevin Dat and Jankovic, Joseph},
  journal={Archives of neurology},
  volume={59},
  number={3},
  pages={421--424},
  year={2002},
  publisher={American Medical Association}
}


@article{ananiadou2006text,
  title={Text mining and its potential applications in systems biology},
  author={Ananiadou, Sophia and Kell, Douglas B and Tsujii, Jun-ichi},
  journal={Trends in biotechnology},
  volume={24},
  number={12},
  pages={571--579},
  year={2006},
  publisher={Elsevier}
}
