@techreport{developers2008jython,
  title={Jython implementation of the high-level, dynamic, object-oriented language Python written in 100\% pure {J}ava},
  author={Developers, Jython},
  year={2008},
  institution={Technical report (1997-2016), http://www. jython. org/(accessed May 2016)}
}

@article{scikit-learn,
 title={Scikit-learn: Machine Learning in {P}ython},
 author={Pedregosa, F. and Varoquaux, G. and Gramfort, A. and Michel, V.
         and Thirion, B. and Grisel, O. and Blondel, M. and Prettenhofer, P.
         and Weiss, R. and Dubourg, V. and Vanderplas, J. and Passos, A. and
         Cournapeau, D. and Brucher, M. and Perrot, M. and Duchesnay, E.},
 journal={Journal of Machine Learning Research},
 volume={12},
 pages={2825--2830},
 year={2011}
}

@inproceedings{bui2013fast,
  title={A fast rule-based approach for biomedical event extraction},
  author={Bui, Quoc-Chinh and Campos, David and van Mulligen, Erik and Kors, Jan},
  booktitle={Proceedings of the BioNLP Shared Task 2013 Workshop},
  pages={104--108},
  year={2013},
  organization={Association for Computational Linguistics}
}

@inproceedings{bjorne2013tees,
  title={{TEES} 2.1: Automated annotation scheme learning in the {BioNLP 2013 Shared Task}},
  author={Bj{\"o}rne, Jari and Salakoski, Tapio},
  booktitle={Proceedings of the BioNLP Shared Task 2013 Workshop},
  pages={16--25},
  year={2013}
}

@article{bjorne2014biomedical,
  title={Biomedical event extraction with machine learning},
  author={Bj{\"o}rne, Jari and others},
  year={2014},
  publisher={TUCS Dissertations}
}

@inproceedings{hagberg-2008-exploring,
author = {Aric A. Hagberg and Daniel A. Schult and Pieter J. Swart},
title = {Exploring network structure, dynamics, and function using {NetworkX}},
year = {2008},
month = Aug,
urlpdf = {http://math.lanl.gov/~hagberg/Papers/hagberg-2008-exploring.pdf},
booktitle = {Proceedings of the 7th Python in Science Conference (SciPy2008)},
editors = {G\"{a}el Varoquaux, Travis Vaught, and Jarrod Millman},
address = {Pasadena, CA USA},
pages = {11--15}
}

@inproceedings{kim2011overview,
  title={Overview of {BioNLP} shared task 2011},
  author={Kim, Jin-Dong and Pyysalo, Sampo and Ohta, Tomoko and Bossy, Robert and Nguyen, Ngan and Tsujii, Jun'ichi},
  booktitle={Proceedings of the BioNLP Shared Task 2011 Workshop},
  pages={1--6},
  year={2011},
  organization={Association for Computational Linguistics}
}

@inproceedings{kim2009overview,
  title={Overview of {BioNLP'09} shared task on event extraction},
  author={Kim, Jin-Dong and Ohta, Tomoko and Pyysalo, Sampo and Kano, Yoshinobu and Tsujii, Jun'ichi},
  booktitle={Proceedings of the Workshop on Current Trends in Biomedical Natural Language Processing: Shared Task},
  pages={1--9},
  year={2009},
  organization={Association for Computational Linguistics}
}

@inproceedings{nedellec2013overview,
  title={Overview of {BioNLP shared task 2013}},
  author={N{\'e}dellec, Claire and Bossy, Robert and Kim, Jin-Dong and Kim, Jung-Jae and Ohta, Tomoko and Pyysalo, Sampo and Zweigenbaum, Pierre},
  booktitle={Proceedings of the BioNLP Shared Task 2013 Workshop},
  pages={1--7},
  year={2013}
}

@inproceedings{bunescu2005shortest,
  title={A shortest path dependency kernel for relation extraction},
  author={Bunescu, Razvan C and Mooney, Raymond J},
  booktitle={Proceedings of the conference on human language technology and empirical methods in natural language processing},
  pages={724--731},
  year={2005},
  organization={Association for Computational Linguistics}
}

@inproceedings{kim2012pubannotation,
  title={{PubAnnotation}: a persistent and sharable corpus and annotation repository},
  author={Kim, Jin-Dong and Wang, Yue},
  booktitle={Proceedings of the 2012 Workshop on Biomedical Natural Language Processing},
  pages={202--205},
  year={2012},
  organization={Association for Computational Linguistics}
}

@article{chang2011libsvm,
  title={{LIBSVM}: a library for support vector machines},
  author={Chang, Chih-Chung and Lin, Chih-Jen},
  journal={ACM Transactions on Intelligent Systems and Technology (TIST)},
  volume={2},
  number={3},
  pages={27},
  year={2011},
  publisher={ACM}
}


@article{donaldson2003prebind,
  title={{P}re{BIND} and {T}extomy--mining the biomedical literature for protein-protein interactions using a support vector machine},
  author={Donaldson, Ian and Martin, Joel and De Bruijn, Berry and Wolting, Cheryl and Lay, Vicki and Tuekam, Brigitte and Zhang, Shudong and Baskin, Berivan and Bader, Gary D and Michalickova, Katerina and others},
  journal={BMC {B}ioinformatics},
  volume={4},
  number={1},
  pages={11},
  year={2003},
  publisher={BioMed Central}
}

@inproceedings{leaman2008banner,
  title={{BANNER}: an executable survey of advances in biomedical named entity recognition.},
  author={Leaman, Robert and Gonzalez, Graciela and others},
  booktitle={Pacific Symposium on Biocomputing},
  volume={13},
  pages={652--663},
  year={2008}
}

@article{lecun2015deep,
  title={Deep learning},
  author={LeCun, Yann and Bengio, Yoshua and Hinton, Geoffrey},
  journal={Nature},
  volume={521},
  number={7553},
  pages={436--444},
  year={2015},
  publisher={Nature Research}
}

@inproceedings{nivre2016universal,
  title={Universal {D}ependencies v1: A multilingual treebank collection},
  author={Nivre, Joakim and de Marneffe, Marie-Catherine and Ginter, Filip and Goldberg, Yoav and Hajic, Jan and Manning, Christopher D and McDonald, Ryan and Petrov, Slav and Pyysalo, Sampo and Silveira, Natalia and others},
  booktitle={Proceedings of the 10th International Conference on Language Resources and Evaluation (LREC 2016)},
  pages={1659--1666},
  year={2016}
}

@inproceedings{manning2014stanford,
  title={The {S}tanford {C}ore{NLP} {N}atural {L}anguage {P}rocessing {T}oolkit.},
  author={Manning, Christopher D and Surdeanu, Mihai and Bauer, John and Finkel, Jenny Rose and Bethard, Steven and McClosky, David},
  booktitle={ACL (System Demonstrations)},
  pages={55--60},
  year={2014}
}

@article{comeau2013bioc,
  title={BioC: a minimalist approach to interoperability for biomedical text processing},
  author={Comeau, Donald C and Do{\u{g}}an, Rezarta Islamaj and Ciccarese, Paolo and Cohen, Kevin Bretonnel and Krallinger, Martin and Leitner, Florian and Lu, Zhiyong and Peng, Yifan and Rinaldi, Fabio and Torii, Manabu and others},
  journal={Database},
  volume={2013},
  year={2013},
  publisher={Oxford University Press}
}

@inproceedings{chen2014fast,
  title={A {F}ast and {A}ccurate {D}ependency {P}arser using {N}eural {N}etworks.},
  author={Chen, Danqi and Manning, Christopher D},
  booktitle={EMNLP},
  pages={740--750},
  year={2014}
}

@inproceedings{nivre2006maltparser,
  title={MaltParser: A Data-Driven Parser-Generator for Dependency Parsing},
  author={Nivre, Joakim and Hall, Johan and Nilsson, Jens},
  booktitle={Proceedings of LREC},
  volume={6},
  pages={2216--2219},
  year={2006}
}

@article{comeau2014bioc,
  title={BioC interoperability track overview},
  author={Comeau, Donald C and Batista-Navarro, Riza Theresa and Dai, Hong-Jie and Do{\u{g}}an, Rezarta Islamaj and Yepes, Antonio Jimeno and Khare, Ritu and Lu, Zhiyong and Marques, Hernani and Mattingly, Carolyn J and Neves, Mariana and others},
  journal={Database},
  volume={2014},
  year={2014},
  publisher={Oxford University Press}
}

@article{leaman2013dnorm,
  title={{DN}orm: disease name normalization with pairwise learning to rank},
  author={Leaman, Robert and Do{\u{g}}an, Rezarta Islamaj and Lu, Zhiyong},
  journal={Bioinformatics},
  year={2013},
  publisher={Oxford Univ Press}
}

@article{li2016litway,
  title={Lit{W}ay, {D}iscriminative {E}xtraction for {D}ifferent {B}io-{E}vents},
  author={Li, Chen and Rao, Zhiqiang and Zhang, Xiangrong},
  journal={Proceedings of the 4th {B}io{NLP} {S}hared {T}ask {W}orkshop},
  pages={32},
  year={2016}
}

@article{wei2013tmvar,
  title={tm{V}ar: a text mining approach for extracting sequence variants in biomedical literature},
  author={Wei, Chih-Hsuan and Harris, Bethany R and Kao, Hung-Yu and Lu, Zhiyong},
  journal={Bioinformatics},
  year={2013},
  publisher={Oxford Univ Press}
}

@article{panyam2016seedev,
  title={See{D}ev {B}inary {E}vent {E}xtraction using {SVM}s and a {R}ich {F}eature {S}et},
  author={Panyam, Nagesh C and Khirbat, Gitansh and Verspoor, Karin and Cohn, Trevor and Ramamohanarao, Kotagiri},
  journal={Proceedings of the 4th {B}io{NLP} {S}hared {T}ask {W}orkshop},
  pages={82},
  year={2016}
}

@article{lever2016verse,
  title={{VERSE}: {E}vent and {R}elation {E}xtraction in the {B}io{NLP} 2016 {S}hared {T}ask},
  author={Lever, Jake and Jones, Steven JM},
  journal={Proceedings of the 4th {B}io{NLP} {S}hared {T}ask {W}orkshop},
  pages={42},
  year={2016}
}

@article{mehryary2016deep,
  title={{D}eep {L}earning with {M}inimal {T}raining {D}ata: {T}urku{NLP} {E}ntry in the {B}io{NLP} {S}hared {T}ask 2016},
  author={Mehryary, Farrokh and Bj{\"o}rne, Jari and Pyysalo, Sampo and Salakoski, Tapio and Ginter, Filip},
  journal={Proceedings of the 4th {B}io{NLP} {S}hared {T}ask {W}orkshop},
  pages={73},
  year={2016}
}

@inproceedings{bjorne2013tees,
  title={{TEES} 2.1: {A}utomated annotation scheme learning in the {BioNLP 2013 Shared Task}},
  author={Bj{\"o}rne, Jari and Salakoski, Tapio},
  booktitle={Proceedings of the BioNLP Shared Task 2013 Workshop},
  pages={16--25},
  year={2013}
}
@inproceedings{bui2013fast,
  title={A fast rule-based approach for biomedical event extraction},
  author={Bui, Quoc-Chinh and Campos, David and van Mulligen, Erik and Kors, Jan},
  booktitle={Proceedings of the BioNLP Shared Task 2013 Workshop},
  pages={104--108},
  year={2013},
  organization={Association for Computational Linguistics}
}

@book{bird2009natural,
  title={Natural language processing with {P}ython: analyzing text with the natural language toolkit},
  author={Bird, Steven and Klein, Ewan and Loper, Edward},
  year={2009},
  publisher={" O'Reilly Media, Inc."}
}

@article{pedregosa2011scikit,
  title={Scikit-learn: {M}achine learning in {P}ython},
  author={Pedregosa, Fabian and Varoquaux, Ga{\"e}l and Gramfort, Alexandre and Michel, Vincent and Thirion, Bertrand and Grisel, Olivier and Blondel, Mathieu and Prettenhofer, Peter and Weiss, Ron and Dubourg, Vincent and others},
  journal={Journal of Machine Learning Research},
  volume={12},
  number={Oct},
  pages={2825--2830},
  year={2011}
}

@inproceedings{kim2012pubannotation,
  title={Pub{A}nnotation: a persistent and sharable corpus and annotation repository},
  author={Kim, Jin-Dong and Wang, Yue},
  booktitle={Proceedings of the 2012 Workshop on Biomedical Natural Language Processing},
  pages={202--205},
  year={2012},
  organization={Association for Computational Linguistics}
}

@article{wei2013pubtator,
  title={Pub{T}ator: a web-based text mining tool for assisting biocuration},
  author={Wei, Chih-Hsuan and Kao, Hung-Yu and Lu, Zhiyong},
  journal={Nucleic acids research},
  year={2013},
  publisher={Oxford Univ Press}
}

@article{taschuk2017ten,
  title={Ten {S}imple {R}ules for {M}aking {R}esearch {S}oftware {M}ore {R}obust},
  author={Taschuk, Morgan and Wilson, Greg},
  journal={PLOS Computational Biology},
  volume={13},
  number={4},
  year={2017},
  publisher={Public Library of Science}
}

@inproceedings{schult2008exploring,
  title={Exploring network structure, dynamics, and function using {NetworkX}},
  author={Schult, Daniel A and Swart, P},
  booktitle={Proceedings of the 7th Python in Science Conferences (SciPy 2008)},
  volume={2008},
  pages={11--16},
  year={2008}
}

@article{rebholz2007ebimed,
  title={{EBIMed}—text crunching to gather facts for proteins from {M}edline},
  author={Rebholz-Schuhmann, Dietrich and Kirsch, Harald and Arregui, Miguel and Gaudan, Sylvain and Riethoven, Mark and Stoehr, Peter},
  journal={Bioinformatics},
  volume={23},
  number={2},
  pages={e237--e244},
  year={2007},
  publisher={Oxford Univ Press}
}

@inproceedings{ohta2006intelligent,
  title={An intelligent search engine and {GUI}-based efficient {MEDLINE} search tool based on deep syntactic parsing},
  author={Ohta, Tomoko and Tsuruoka, Yoshimasa and Takeuchi, Jumpei and Kim, Jin-Dong and Miyao, Yusuke and Yakushiji, Akane and Yoshida, Kazuhiro and Tateisi, Yuka and Ninomiya, Takashi and Masuda, Katsuya and others},
  booktitle={Proceedings of the COLING/ACL on Interactive presentation sessions},
  pages={17--20},
  year={2006},
  organization={Association for Computational Linguistics}
}


