@article{dennis2003david,
  title={DAVID: database for annotation, visualization, and integrated discovery},
  author={Dennis, Glynn and Sherman, Brad T and Hosack, Douglas A and Yang, Jun and Gao, Wei and Lane, H Clifford and Lempicki, Richard A},
  journal={Genome biology},
  volume={4},
  number={9},
  pages={R60},
  year={2003},
  publisher={BioMed Central}
}

@article{westergaard2018comprehensive,
  title={A comprehensive and quantitative comparison of text-mining in 15 million full-text articles versus their corresponding abstracts},
  author={Westergaard, David and St{\ae}rfeldt, Hans-Henrik and T{\o}nsberg, Christian and Jensen, Lars Juhl and Brunak, S{\o}ren},
  journal={PLoS computational biology},
  volume={14},
  number={2},
  pages={e1005962},
  year={2018},
  publisher={Public Library of Science}
}

@inproceedings{deng2009imagenet,
  title={Imagenet: A large-scale hierarchical image database},
  author={Deng, Jia and Dong, Wei and Socher, Richard and Li, Li-Jia and Li, Kai and Fei-Fei, Li},
  booktitle={Computer Vision and Pattern Recognition, 2009. CVPR 2009. IEEE Conference on},
  pages={248--255},
  year={2009},
  organization={IEEE}
}

@article{tsueng2016citizen,
  title={Citizen science for mining the biomedical literature},
  author={Tsueng, Ginger and Nanis, Steven and Fouquier, Jennifer and Good, Benjamin and Su, Andrew},
  journal={Citizen Science: Theory and Practice},
  volume={1},
  number={2},
  year={2016},
  publisher={Ubiquity Press}
}

@article{buhrmester2011amazon,
  title={Amazon's Mechanical Turk: A new source of inexpensive, yet high-quality, data?},
  author={Buhrmester, Michael and Kwang, Tracy and Gosling, Samuel D},
  journal={Perspectives on psychological science},
  volume={6},
  number={1},
  pages={3--5},
  year={2011},
  publisher={Sage Publications Sage CA: Los Angeles, CA}
}

@article{von2008recaptcha,
  title={recaptcha: Human-based character recognition via web security measures},
  author={Von Ahn, Luis and Maurer, Benjamin and McMillen, Colin and Abraham, David and Blum, Manuel},
  journal={Science},
  volume={321},
  number={5895},
  pages={1465--1468},
  year={2008},
  publisher={American Association for the Advancement of Science}
}

@inproceedings{mehryary2016deep,
  title={Deep learning with minimal training data: Turkunlp entry in the bionlp shared task 2016},
  author={Mehryary, Farrokh and Bj{\"o}rne, Jari and Pyysalo, Sampo and Salakoski, Tapio and Ginter, Filip},
  booktitle={Proceedings of the 4th BioNLP Shared Task Workshop},
  pages={73--81},
  year={2016}
}

